@inproceedings{Alexandrova:2015:VRP:2701973.2702052,
 author = {Alexandrova, Sonya and Tatlock, Zachary and Cakmak, Maya},
 title = {Visual Robot Programming for Generalizable Mobile Manipulation Tasks},
 booktitle = {Proceedings of the Tenth Annual ACM/IEEE International Conference on Human-Robot Interaction Extended Abstracts},
 series = {HRI'15 Extended Abstracts},
 year = {2015},
 isbn = {978-1-4503-3318-4},
 location = {Portland, Oregon, USA},
 pages = {163--164},
 numpages = {2},
 url = {http://doi.acm.org/10.1145/2701973.2702052},
 doi = {10.1145/2701973.2702052},
 acmid = {2702052},
 publisher = {ACM},
 address = {New York, NY, USA},
 keywords = {domain-specific languages, mobile manipulation},
} 
