@inproceedings{visformobilemanip,
 author = {Alexandrova, Sonya and Tatlock, Zachary and Cakmak, Maya},
 title = {Visual Robot Programming for Generalizable Mobile Manipulation Tasks},
 booktitle = {Proceedings of the Tenth Annual ACM/IEEE International Conference on Human-Robot Interaction Extended Abstracts},
 series = {HRI'15 Extended Abstracts},
 year = {2015},
 isbn = {978-1-4503-3318-4},
 location = {Portland, Oregon, USA},
 pages = {163--164},
 numpages = {2},
 url = {http://doi.acm.org/10.1145/2701973.2702052},
 doi = {10.1145/2701973.2702052},
 acmid = {2702052},
 publisher = {ACM},
 address = {New York, NY, USA},
 keywords = {domain-specific languages, mobile manipulation},
} 
@INPROCEEDINGS{legomindstorms,
author={Seung Han Kim and Jae Wook Jeon},
booktitle={Control, Automation and Systems, 2007. ICCAS '07. International Conference on},
title={Programming LEGO mindstorms NXT with visual programming},
year={2007},
pages={2468-2472},
keywords={control engineering education;graphical user interfaces;programming environments;robot programming;visual programming;LEGO Company;Lab VIEW;Microsoft Robotics Studio;Mindstorms NXT;iconic interface;programmable robot set;programming environment;user friendly interface;visual programming language;Automatic programming;Costs;Electronic mail;Hardware;Libraries;Programming environments;Programming profession;Robot programming;Robot sensing systems;Service robots;LEGO;MSRS;MVPL;Microsoft Robotics Studio;NXT;Visual Programming},
doi={10.1109/ICCAS.2007.4406778},
month={Oct},}
@INPROCEEDINGS{6911668,
author={Ohnishi, Y. and Mori, S.},
booktitle={Advanced Mechatronic Systems (ICAMechS), 2014 International Conference on},
title={A practical report of programing experiment class for elementary school children},
year={2014},
pages={291-294},
keywords={computer science education;control engineering computing;control engineering education;educational institutions;educational robots;robot programming;student experiments;LEGO mindstorms;elementary school children;programming experiment class;robot programming;robotics class;Educational institutions;Materials;Robot programming;Robot sensing systems;Elementary School;LEGO;Robot},
doi={10.1109/ICAMechS.2014.6911668},
month={Aug},}