@INPROCEEDINGS{primarySchool, 
	author={Demo, G.B. and Marciano, G. and Siega, S.}, 
	booktitle={Advanced Learning Technologies, 2008. ICALT '08. Eighth IEEE International Conference on}, 
	title={Concrete Programming: Using Small Robots in Primary Schools}, 
	year={2008}, 
	pages={301-302}, 
	keywords={computer science education;control engineering education;mobile robots;robot programming;computer competence;concrete programming;path planning;primary schools;robotic activities;robots programming;small robots;Cognitive robotics;Computational geometry;Computer languages;Concrete;Educational institutions;Legged locomotion;Path planning;Robot programming;Robot sensing systems;Virtual colonoscopy;Mindstorms;Primary Schools;programmable robots}, 
	doi={10.1109/ICALT.2008.190}, 
	month={July},}
@inproceedings{cRobots,
	author = {Cowden, David and O'Neill, April and Opavsky, Erik and Ustek, Dilan and Walker, Henry M.},
	title = {A C-based Introductory Course Using Robots},
	booktitle = {Proceedings of the 43rd ACM Technical Symposium on Computer Science Education},
	series = {SIGCSE '12},
	year = {2012},
	isbn = {978-1-4503-1098-7},
	location = {Raleigh, North Carolina, USA},
	pages = {27--32},
	numpages = {6},
	url = {http://doi.acm.org/10.1145/2157136.2157150},
	doi = {10.1145/2157136.2157150},
	acmid = {2157150},
	publisher = {ACM},
	address = {New York, NY, USA},
	keywords = {collaborative learning, course materials, lab-based course, modules, robots},
} 

@INPROCEEDINGS{elementaryRobots, 
	author={Ohnishi, Y. and Mori, S.}, 
	booktitle={Advanced Mechatronic Systems (ICAMechS), 2014 International Conference on}, 
	title={A practical report of programing experiment class for elementary school children}, 
	year={2014}, 
	pages={291-294}, 
	keywords={computer science education;control engineering computing;control engineering education;educational institutions;educational robots;robot programming;student experiments;LEGO mindstorms;elementary school children;programming experiment class;robot programming;robotics class;Educational institutions;Materials;Robot programming;Robot sensing systems;Elementary School;LEGO;Robot}, 
	doi={10.1109/ICAMechS.2014.6911668}, 
	month={Aug},}
@inproceedings{PersonalizingCS1,
	author = {Summet, Jay and Kumar, Deepak and O'Hara, Keith and Walker, Daniel and Ni, Lijun and Blank, Doug and Balch, Tucker},
	title = {Personalizing CS1 with Robots},
	booktitle = {Proceedings of the 40th ACM Technical Symposium on Computer Science Education},
	series = {SIGCSE '09},
	year = {2009},
	isbn = {978-1-60558-183-5},
	location = {Chattanooga, TN, USA},
	pages = {433--437},
	numpages = {5},
	url = {http://doi.acm.org/10.1145/1508865.1509018},
	doi = {10.1145/1508865.1509018},
	acmid = {1509018},
	publisher = {ACM},
	address = {New York, NY, USA},
	keywords = {cs1, pedagogy, robots},
}
@article{RobotMotivation,
	author = {McGill, Monica M.},
	title = {Learning to Program with Personal Robots: Influences on Student Motivation},
	journal = {Trans. Comput. Educ.},
	issue_date = {March 2012},
	volume = {12},
	number = {1},
	month = mar,
	year = {2012},
	issn = {1946-6226},
	pages = {4:1--4:32},
	articleno = {4},
	numpages = {32},
	url = {http://doi.acm.org/10.1145/2133797.2133801},
	doi = {10.1145/2133797.2133801},
	acmid = {2133801},
	publisher = {ACM},
	address = {New York, NY, USA},
	keywords = {CS0, CS1, Motivation, Myro, curriculum, education, personal robots, programming},
} 

@inproceedings{visformobilemanip,
 author = {Alexandrova, Sonya and Tatlock, Zachary and Cakmak, Maya},
 title = {Visual Robot Programming for Generalizable Mobile Manipulation Tasks},
 booktitle = {Proceedings of the Tenth Annual ACM/IEEE International Conference on Human-Robot Interaction Extended Abstracts},
 series = {HRI'15 Extended Abstracts},
 year = {2015},
 isbn = {978-1-4503-3318-4},
 location = {Portland, Oregon, USA},
 pages = {163--164},
 numpages = {2},
 url = {http://doi.acm.org/10.1145/2701973.2702052},
 doi = {10.1145/2701973.2702052},
 acmid = {2702052},
 publisher = {ACM},
 address = {New York, NY, USA},
 keywords = {domain-specific languages, mobile manipulation},
} 
@INPROCEEDINGS{legomindstorms,
author={Seung Han Kim and Jae Wook Jeon},
booktitle={Control, Automation and Systems, 2007. ICCAS '07. International Conference on},
title={Programming LEGO mindstorms NXT with visual programming},
year={2007},
pages={2468-2472},
keywords={control engineering education;graphical user interfaces;programming environments;robot programming;visual programming;LEGO Company;Lab VIEW;Microsoft Robotics Studio;Mindstorms NXT;iconic interface;programmable robot set;programming environment;user friendly interface;visual programming language;Automatic programming;Costs;Electronic mail;Hardware;Libraries;Programming environments;Programming profession;Robot programming;Robot sensing systems;Service robots;LEGO;MSRS;MVPL;Microsoft Robotics Studio;NXT;Visual Programming},
doi={10.1109/ICCAS.2007.4406778},
month={Oct},}
@INPROCEEDINGS{legomindstorms2, 
	author={Seung Han Kim and Jae Wook Jeon}, 
	booktitle={Industrial Technology, 2008. ICIT 2008. IEEE International Conference on}, 
	title={Using visual programming kit and LEGO Mindstorms: An introduction to embedded system}, 
	year={2008}, 
	pages={1-6}, 
	keywords={display devices;interactive programming;robot programming;LEGO Mindstorms;display devices;embedded system;graphical programming environment;programmable robot;text based programming kits;visual programming kit;Computer displays;Computer languages;Computerized monitoring;Electronic mail;Embedded computing;Embedded system;Engineering students;Programming environments;Programming profession;Robot programming}, 
	doi={10.1109/ICIT.2008.4608362}, 
	month={April},}
@INPROCEEDINGS{6911668,
author={Ohnishi, Y. and Mori, S.},
booktitle={Advanced Mechatronic Systems (ICAMechS), 2014 International Conference on},
title={A practical report of programing experiment class for elementary school children},
year={2014},
pages={291-294},
keywords={computer science education;control engineering computing;control engineering education;educational institutions;educational robots;robot programming;student experiments;LEGO mindstorms;elementary school children;programming experiment class;robot programming;robotics class;Educational institutions;Materials;Robot programming;Robot sensing systems;Elementary School;LEGO;Robot},
doi={10.1109/ICAMechS.2014.6911668},
month={Aug},}
@inproceedings{shrinky,
	author = {Lo, Joanne and Paulos, Eric},
	title = {ShrinkyCircuits: Sketching, Shrinking, and Formgiving for Electronic Circuits},
	booktitle = {Proceedings of the 27th Annual ACM Symposium on User Interface Software and Technology},
	series = {UIST '14},
	year = {2014},
	isbn = {978-1-4503-3069-5},
	location = {Honolulu, Hawaii, USA},
	pages = {291--299},
	numpages = {9},
	url = {http://doi.acm.org/10.1145/2642918.2647421},
	doi = {10.1145/2642918.2647421},
	acmid = {2647421},
	publisher = {ACM},
	address = {New York, NY, USA},
	keywords = {DIY, creativity support tools, education, electronics, fabrication, prototyping, sketching, sustainability design},
}
@inproceedings{inkjets,
	author = {Kawahara, Yoshihiro and Hodges, Steve and Cook, Benjamin S. and Zhang, Cheng and Abowd, Gregory D.},
	title = {Instant Inkjet Circuits: Lab-based Inkjet Printing to Support Rapid Prototyping of UbiComp Devices},
	booktitle = {Proceedings of the 2013 ACM International Joint Conference on Pervasive and Ubiquitous Computing},
	series = {UbiComp '13},
	year = {2013},
	isbn = {978-1-4503-1770-2},
	location = {Zurich, Switzerland},
	pages = {363--372},
	numpages = {10},
	url = {http://doi.acm.org/10.1145/2493432.2493486},
	doi = {10.1145/2493432.2493486},
	acmid = {2493486},
	publisher = {ACM},
	address = {New York, NY, USA},
	keywords = {capacitive sensors, conductive ink, digital fabrication, inkjet-printing, rapid prototyping},
}
@inproceedings{greenfoot,
	author = {Henriksen, Poul and K\"{o}lling, Michael},
	title = {Greenfoot: Combining Object Visualisation with Interaction},
	booktitle = {Companion to the 19th Annual ACM SIGPLAN Conference on Object-oriented Programming Systems, Languages, and Applications},
	series = {OOPSLA '04},
	year = {2004},
	isbn = {1-58113-833-4},
	location = {Vancouver, BC, CANADA},
	pages = {73--82},
	numpages = {10},
	url = {http://doi.acm.org/10.1145/1028664.1028701},
	doi = {10.1145/1028664.1028701},
	acmid = {1028701},
	publisher = {ACM},
	address = {New York, NY, USA},
	keywords = {experimentation, java, micro worlds, objects-first, pedagogy, visualisation},
} 
@inproceedings{CS1forScientists,
	author = {Dodds, Zachary and Libeskind-Hadas, Ran and Alvarado, Christine and Kuenning, Geoff},
	title = {Evaluating a Breadth-first Cs 1 for Scientists},
	booktitle = {Proceedings of the 39th SIGCSE Technical Symposium on Computer Science Education},
	series = {SIGCSE '08},
	year = {2008},
	isbn = {978-1-59593-799-5},
	location = {Portland, OR, USA},
	pages = {266--270},
	numpages = {5},
	url = {http://doi.acm.org/10.1145/1352135.1352229},
	doi = {10.1145/1352135.1352229},
	acmid = {1352229},
	publisher = {ACM},
	address = {New York, NY, USA},
	keywords = {cs 1, cs 1 assessment, cs for scientists},
} 
@inproceedings{Maloney:2004:SSP:1009376.1009408,
	author = {Maloney, John and Burd, Leo and Kafai, Yasmin and Rusk, Natalie and Silverman, Brian and Resnick, Mitchel},
	title = {Scratch: A Sneak Preview},
	booktitle = {Proceedings of the Second International Conference on Creating, Connecting and Collaborating Through Computing},
	series = {C5 '04},
	year = {2004},
	isbn = {0-7695-2166-5},
	pages = {104--109},
	numpages = {6},
	url = {http://dx.doi.org/10.1109/C5.2004.33},
	doi = {10.1109/C5.2004.33},
	acmid = {1009408},
	publisher = {IEEE Computer Society},
	address = {Washington, DC, USA},
} 
@inproceedings{Scratch,
	author = {Sirki\"{a}, Teemu and Sorva, Juha},
	title = {Exploring Programming Misconceptions: An Analysis of Student Mistakes in Visual Program Simulation Exercises},
	booktitle = {Proceedings of the 12th Koli Calling International Conference on Computing Education Research},
	series = {Koli Calling '12},
	year = {2012},
	isbn = {978-1-4503-1795-5},
	location = {Koli, Finland},
	pages = {19--28},
	numpages = {10},
	url = {http://doi.acm.org/10.1145/2401796.2401799},
	doi = {10.1145/2401796.2401799},
	acmid = {2401799},
	publisher = {ACM},
	address = {New York, NY, USA},
	keywords = {CS1, introductory programming education, misconceptions, program visualization, visual program simulation},
} 
@inproceedings{UUhistle,
	author = {Sirki\"{a}, Teemu and Sorva, Juha},
	title = {Exploring Programming Misconceptions: An Analysis of Student Mistakes in Visual Program Simulation Exercises},
	booktitle = {Proceedings of the 12th Koli Calling International Conference on Computing Education Research},
	series = {Koli Calling '12},
	year = {2012},
	isbn = {978-1-4503-1795-5},
	location = {Koli, Finland},
	pages = {19--28},
	numpages = {10},
	url = {http://doi.acm.org/10.1145/2401796.2401799},
	doi = {10.1145/2401796.2401799},
	acmid = {2401799},
	publisher = {ACM},
	address = {New York, NY, USA},
	keywords = {CS1, introductory programming education, misconceptions, program visualization, visual program simulation},
} 